@article{Plass:1983,
 author = {Plass, Michael and Stone, Maureen},
 title = {Curve-fitting with piecewise parametric cubics},
 journal = {SIGGRAPH Comput. Graph.},
 issue_date = {July 1983},
 volume = {17},
 number = {3},
 month = jul,
 year = {1983},
 issn = {0097-8930},
 pages = {229--239},
 numpages = {11},
 url = {http://doi.acm.org/10.1145/964967.801153},
 doi = {10.1145/964967.801153},
 acmid = {801153},
 publisher = {ACM},
 address = {New York, NY, USA},
} 
